@article{DBLP:journals/corr/abs-1901-00041,
  author    = {Paras Jain and
               Xiangxi Mo and
               Ajay Jain and
               Harikaran Subbaraj and
               Rehan Sohail Durrani and
               Alexey Tumanov and
               Joseph Gonzalez and
               Ion Stoica},
  title     = {Dynamic Space-Time Scheduling for {GPU} Inference},
  journal   = {CoRR},
  volume    = {abs/1901.00041},
  year      = {2019},
  url       = {http://arxiv.org/abs/1901.00041},
  eprinttype = {arXiv},
  eprint    = {1901.00041},
  timestamp = {Fri, 22 May 2020 10:38:16 +0200},
  biburl    = {https://dblp.org/rec/journals/corr/abs-1901-00041.bib},
  bibsource = {dblp computer science bibliography, https://dblp.org}
}